@article{ojala1996comparative,
  title={A comparative study of texture measures with classification based on featured distributions},
  author={Ojala, Timo and Pietik{\"a}inen, Matti and Harwood, David},
  journal={Pattern recognition},
  volume={29},
  number={1},
  pages={51--59},
  year={1996},
  publisher={Elsevier}
}
@article{ojala1999unsupervised,
  title={Unsupervised texture segmentation using feature distributions},
  author={Ojala, Timo and Pietik{\"a}inen, Matti},
  journal={Pattern Recognition},
  volume={32},
  number={3},
  pages={477--486},
  year={1999},
  publisher={Elsevier}
}

@article{wang1990texture,
  title={Texture classification using texture spectrum},
  author={Wang, Li and He, Dong-Chen},
  journal={Pattern Recognition},
  volume={23},
  number={8},
  pages={905--910},
  year={1990},
  publisher={Elsevier}
}
@article{fechner1948elements,
  title={Elements of psychophysics, 1860.},
  author={Fechner, Gustav Theodor},
  year={1948},
  publisher={Appleton-Century-Crofts}
}
@book{michelson1995studies,
  title={Studies in optics},
  author={Michelson, Albert Abraham},
  year={1995},
  publisher={Courier Corporation}
}
@article{peli1990contrast,
  title={Contrast in complex images},
  author={Peli, Eli},
  journal={JOSA A},
  volume={7},
  number={10},
  pages={2032--2040},
  year={1990},
  publisher={Optical Society of America}
}
@article{lowe2004distinctive,
  title={Distinctive image features from scale-invariant keypoints},
  author={Lowe, David G},
  journal={International journal of computer vision},
  volume={60},
  number={2},
  pages={91--110},
  year={2004},
  publisher={Springer}
}
