@article{canny1986computational,
  title={A computational approach to edge detection},
  author={Canny, John},
  journal={IEEE Transactions on pattern analysis and machine intelligence},
  number={6},
  pages={679--698},
  year={1986},
  publisher={IEEE}
}
@article{suzuki1985topological,
  title={Topological structural analysis of digitized binary images by border following},
  author={Suzuki, Satoshi and others},
  journal={Computer Vision, Graphics, and Image Processing},
  volume={30},
  number={1},
  pages={32--46},
  year={1985},
  publisher={Elsevier}
}
@article{thacker1995assessing,
  title={Assessing the completeness properties of pairwise geometric histograms},
  author={Thacker, Neil A and Riocreux, PA and Yates, RB},
  journal={Image and Vision Computing},
  volume={13},
  number={5},
  pages={423--429},
  year={1995},
  publisher={Elsevier}
}
@article{lowe1987three,
  title={Three-dimensional object recognition from single two-dimensional images},
  author={Lowe, David G},
  journal={Artificial intelligence},
  volume={31},
  number={3},
  pages={355--395},
  year={1987},
  publisher={Elsevier}
}

@article{bandera19992d,
  title={2D object recognition based on curvature functions obtained from local histograms of the contour chain code},
  author={Bandera, Antonio and Urdiales, Cristina and Arrebola, Fabi{\'a}n and Sandoval, F},
  journal={Pattern Recognition Letters},
  volume={20},
  number={1},
  pages={49--55},
  year={1999},
  publisher={Elsevier}
}
@article{cornic1997another,
  title={Another look at the dominant point detection of digital curves},
  author={Cornic, Philippe},
  journal={Pattern Recognition Letters},
  volume={18},
  number={1},
  pages={13--25},
  year={1997},
  publisher={Elsevier}
}
@article{fu1997curve,
  title={A curve bend function based method to characterize contour shapes},
  author={Fu, Alan MN and Yan, Hong and Huang, Kai},
  journal={Pattern Recognition},
  volume={30},
  number={10},
  pages={1661--1671},
  year={1997},
  publisher={Elsevier}
}
@article{gu2000coarse,
  title={Coarse-to-fine planar object identification using invariant curve features and B-spline modeling},
  author={Gu, Yu-Hua and Tjahjadi, Tardi},
  journal={Pattern Recognition},
  volume={33},
  number={9},
  pages={1411--1422},
  year={2000},
  publisher={Elsevier}
}
@article{lecun1998gradient,
  title={Gradient-based learning applied to document recognition},
  author={LeCun, Yann and Bottou, L{\'e}on and Bengio, Yoshua and Haffner, Patrick},
  journal={Proceedings of the IEEE},
  volume={86},
  number={11},
  pages={2278--2324},
  year={1998},
  publisher={IEEE}
}
@inproceedings{krizhevsky2012imagenet,
  title={Imagenet classification with deep convolutional neural networks},
  author={Krizhevsky, Alex and Sutskever, Ilya and Hinton, Geoffrey E},
  booktitle={Advances in neural information processing systems},
  pages={1097--1105},
  year={2012}
}
@inproceedings{zeiler2014visualizing,
  title={Visualizing and understanding convolutional networks},
  author={Zeiler, Matthew D and Fergus, Rob},
  booktitle={European Conference on Computer Vision},
  pages={818--833},
  year={2014},
  organization={Springer}
}
@inproceedings{szegedy2015going,
  title={Going deeper with convolutions},
  author={Szegedy, Christian and Liu, Wei and Jia, Yangqing and Sermanet, Pierre and Reed, Scott and Anguelov, Dragomir and Erhan, Dumitru and Vanhoucke, Vincent and Rabinovich, Andrew},
  booktitle={Proceedings of the IEEE Conference on Computer Vision and Pattern Recognition},
  pages={1--9},
  year={2015}
}
@article{simonyan2014very,
  title={Very deep convolutional networks for large-scale image recognition},
  author={Simonyan, Karen and Zisserman, Andrew},
  journal={arXiv preprint arXiv:1409.1556},
  year={2014}
}
@article{he2015deep,
  title={Deep residual learning for image recognition},
  author={He, Kaiming and Zhang, Xiangyu and Ren, Shaoqing and Sun, Jian},
  journal={arXiv preprint arXiv:1512.03385},
  year={2015}
}
@article{ioffe2015batch,
  title={Batch normalization: Accelerating deep network training by reducing internal covariate shift},
  author={Ioffe, Sergey and Szegedy, Christian},
  journal={arXiv preprint arXiv:1502.03167},
  year={2015}
}